@article{GPT-3,
  title={Language models are few-shot learners},
  author={Brown, Tom B and Mann, Benjamin and Ryder, Nick and Subbiah, Melanie and Kaplan, Jared and Dhariwal, Prafulla and Neelakantan, Arvind and Shyam, Pranav and Sastry, Girish and Askell, Amanda and others},
  journal={arXiv preprint arXiv:2005.14165},
  year={2020}
}

@inproceedings{TensorFlow,
  title={Tensorflow: A system for large-scale machine learning},
  author={Abadi, Mart{\'\i}n and Barham, Paul and Chen, Jianmin and Chen, Zhifeng and Davis, Andy and Dean, Jeffrey and Devin, Matthieu and Ghemawat, Sanjay and Irving, Geoffrey and Isard, Michael and others},
  booktitle={12th $\{$USENIX$\}$ symposium on operating systems design and implementation ($\{$OSDI$\}$ 16)},
  pages={265--283},
  year={2016}
}

@misc{CDA-Midterm,
  title={Continuous Deep Analytics - Midterm report},
  url={https://cda-group.github.io/papers/CDA-Midterm-Final.pdf},
  author={Haridi, Seif},
  year={2020}
}

@article{Flink,
  title={State management in Apache Flink{\textregistered}: consistent stateful distributed stream processing},
  author={Carbone, Paris and Ewen, Stephan and F{\'o}ra, Gyula and Haridi, Seif and Richter, Stefan and Tzoumas, Kostas},
  journal={Proceedings of the VLDB Endowment},
  volume={10},
  number={12},
  pages={1718--1729},
  year={2017},
  publisher={VLDB Endowment}
}

@article{Spark,
  title={Spark: Cluster computing with working sets.},
  author={Zaharia, Matei and Chowdhury, Mosharaf and Franklin, Michael J and Shenker, Scott and Stoica, Ion and others},
  journal={HotCloud},
  volume={10},
  number={10-10},
  pages={95},
  year={2010}
}

@article{Giraph,
  title={Giraph unchained: Barrierless asynchronous parallel execution in pregel-like graph processing systems},
  author={Han, Minyang and Daudjee, Khuzaima},
  journal={Proceedings of the VLDB Endowment},
  volume={8},
  number={9},
  pages={950--961},
  year={2015},
  publisher={VLDB Endowment}
}

@inproceedings{Ray,
  title={Ray: A distributed framework for emerging $\{$AI$\}$ applications},
  author={Moritz, Philipp and Nishihara, Robert and Wang, Stephanie and Tumanov, Alexey and Liaw, Richard and Liang, Eric and Elibol, Melih and Yang, Zongheng and Paul, William and Jordan, Michael I and others},
  booktitle={13th $\{$USENIX$\}$ Symposium on Operating Systems Design and Implementation ($\{$OSDI$\}$ 18)},
  pages={561--577},
  year={2018}
}

@inproceedings{Naiad,
  title={Naiad: a timely dataflow system},
  author={Murray, Derek G and McSherry, Frank and Isaacs, Rebecca and Isard, Michael and Barham, Paul and Abadi, Mart{\'\i}n},
  booktitle={Proceedings of the Twenty-Fourth ACM Symposium on Operating Systems Principles},
  pages={439--455},
  year={2013}
}

@inproceedings{Heron,
  title={Twitter heron: Stream processing at scale},
  author={Kulkarni, Sanjeev and Bhagat, Nikunj and Fu, Maosong and Kedigehalli, Vikas and Kellogg, Christopher and Mittal, Sailesh and Patel, Jignesh M and Ramasamy, Karthik and Taneja, Siddarth},
  booktitle={Proceedings of the 2015 ACM SIGMOD International Conference on Management of Data},
  pages={239--250},
  year={2015}
}

@article{Dataflow,
  title={The dataflow model: a practical approach to balancing correctness, latency, and cost in massive-scale, unbounded, out-of-order data processing},
  author={Akidau, Tyler and Bradshaw, Robert and Chambers, Craig and Chernyak, Slava and Fern{\'a}ndez-Moctezuma, Rafael J and Lax, Reuven and McVeety, Sam and Mills, Daniel and Perry, Frances and Schmidt, Eric and others},
  year={2015}
}

@inproceedings{StructuredStreaming,
  title={Structured streaming: A declarative API for real-time applications in apache spark},
  author={Armbrust, Michael and Das, Tathagata and Torres, Joseph and Yavuz, Burak and Zhu, Shixiong and Xin, Reynold and Ghodsi, Ali and Stoica, Ion and Zaharia, Matei},
  booktitle={Proceedings of the 2018 International Conference on Management of Data},
  pages={601--613},
  year={2018}
}

@inproceedings{Lightsaber,
  title={Lightsaber: Efficient window aggregation on multi-core processors},
  author={Theodorakis, Georgios and Koliousis, Alexandros and Pietzuch, Peter and Pirk, Holger},
  booktitle={Proceedings of the 2020 ACM SIGMOD International Conference on Management of Data},
  pages={2505--2521},
  year={2020}
}

@article{SlideSide,
  title={SlideSide: a fast incremental stream processing algorithm for multiple queries},
  author={Theodorakis, Georgios and Pietzuch, Peter and Pirk, Holger},
  year={2020}
}

@article{LinAlgIncremental,
  title={Synthesis of Incremental Linear Algebra Programs},
  author={Shaikhha, Amir and Elseidy, Mohammed and Mihaila, Stephan and Espino, Daniel and Koch, Christoph},
  journal={ACM Transactions on Database Systems (TODS)},
  volume={45},
  number={3},
  pages={1--44},
  year={2020},
  publisher={ACM New York, NY, USA}
}

@article{FiBA,
  title={Optimal and general out-of-order sliding-window aggregation},
  author={Tangwongsan, Kanat and Hirzel, Martin and Schneider, Scott},
  journal={Proceedings of the VLDB Endowment},
  volume={12},
  number={10},
  pages={1167--1180},
  year={2019},
  publisher={VLDB Endowment}
}

@article{FlatFAT,
  title={General incremental sliding-window aggregation},
  author={Tangwongsan, Kanat and Hirzel, Martin and Schneider, Scott and Wu, Kun-Lung},
  journal={Proceedings of the VLDB Endowment},
  volume={8},
  number={7},
  pages={702--713},
  year={2015},
  publisher={VLDB Endowment}
}

@inproceedings{WindowProblem,
  title={Efficient Window Aggregation with General Stream Slicing.},
  author={Traub, Jonas and Grulich, Philipp M and Cu{\'e}llar, Alejandro Rodr{\'\i}guez and Bre{\ss}, Sebastian and Katsifodimos, Asterios and Rabl, Tilmann and Markl, Volker},
  booktitle={EDBT},
  pages={97--108},
  year={2019}
}
